<?xml version='1.0' encoding='UTF-8'?>
<record xmlns="http://www.loc.gov/MARC21/slim">
  <leader>01574cam a2200349   4500</leader>
  <controlfield tag="001">2755520</controlfield>
  <controlfield tag="003">NjP</controlfield>
  <controlfield tag="005">20171010173007.0</controlfield>
  <controlfield tag="008">890323s1962    sy       b    001 0 arard</controlfield>
  <datafield tag="024" ind1="7" ind2=" ">
    <subfield code="a">princeton_aco002076</subfield>
    <subfield code="2">local</subfield>
  </datafield>
  <datafield ind1=" " ind2=" " tag="035">
    <subfield code="a">(OCoLC)ocn178226071</subfield>
  </datafield>
  <datafield ind1=" " ind2=" " tag="035">
    <subfield code="a">(OCoLC)ocm19426211</subfield>
  </datafield>
  <datafield ind1=" " ind2=" " tag="040">
    <subfield code="a">CUY</subfield>
    <subfield code="c">PUL</subfield>
    <subfield code="d">PUL</subfield>
  </datafield>
  <datafield ind1=" " ind2=" " tag="035">
    <subfield code="a">(OCoLC)178226071</subfield>
  </datafield>
  <datafield ind1=" " ind2=" " tag="035">
    <subfield code="9">CNE8930TS</subfield>
  </datafield>
  <datafield ind1=" " ind2=" " tag="035">
    <subfield code="a">(NjP)2755520</subfield>
  </datafield>
  <datafield ind1=" " ind2=" " tag="079">
    <subfield code="a">ocm19426211</subfield>
  </datafield>
  <datafield ind1=" " ind2=" " tag="049">
    <subfield code="a">PULL</subfield>
  </datafield>
  <datafield ind1="1" ind2=" " tag="100">
    <subfield code="6">880-01</subfield>
    <subfield code="a">Ṣābūnī, ʻAbd al-Raḥmān.</subfield>
  </datafield>
  <datafield ind1="1" ind2="0" tag="245">
    <subfield code="6">880-02</subfield>
    <subfield code="a">Madā ḥurrīyat al-zawjayn fī al-ṭalāq fī al-sharīʻah al-Islāmīyah:</subfield>
    <subfield code="b">baḥth muqāran /</subfield>
    <subfield code="c">[taʼlīf] ʻAbd al-Raḥmān al-Sābūnī. Taqdīm Muṣṭafá al-Sibāʼī.</subfield>
  </datafield>
  <datafield ind1=" " ind2=" " tag="260">
    <subfield code="6">880-03</subfield>
    <subfield code="a">[Dimashq] :</subfield>
    <subfield code="b">Maṭbaʻat Jāmiʻat Dimashq,</subfield>
    <subfield code="c">[1962]</subfield>
  </datafield>
  <datafield ind1=" " ind2=" " tag="300">
    <subfield code="a">2 v. p. ;</subfield>
    <subfield code="c">25 cm.</subfield>
  </datafield>
  <datafield ind1=" " ind2=" " tag="504">
    <subfield code="a">Bibliography: p. 1041-1065.</subfield>
  </datafield>
  <datafield ind1=" " ind2=" " tag="500">
    <subfield code="a">Includes index.</subfield>
  </datafield>
  <datafield ind1=" " ind2="0" tag="650">
    <subfield code="a">Divorce (Islamic law)</subfield>
    <subfield code="0">http://id.loc.gov/authorities/subjects/sh85038630</subfield>
  </datafield>
  <datafield ind1="1" ind2=" " tag="700">
    <subfield code="6">880-04</subfield>
    <subfield code="a">Sibāʻī, Muṣṭafá,</subfield>
    <subfield code="d">1915-1964.</subfield>
    <subfield code="0">http://id.loc.gov/authorities/names/n82027795</subfield>
  </datafield>
  <datafield ind1="1" ind2=" " tag="880">
    <subfield code="6">100-01/r</subfield>
    <subfield code="a">صابوني، عبد الرحمن.</subfield>
  </datafield>
  <datafield ind1="1" ind2="0" tag="880">
    <subfield code="6">245-02/r</subfield>
    <subfield code="a">مدى حرية الزوجين في الطلاق في الشريعة الاسلامية:</subfield>
    <subfield code="b">بحث مقارن /</subfield>
    <subfield code="c">[تأليف] عبد الرحمن السابوني. تقديم مصطفى السبائي.</subfield>
  </datafield>
  <datafield ind1=" " ind2=" " tag="880">
    <subfield code="6">260-03/r</subfield>
    <subfield code="a">[دمشق] :</subfield>
    <subfield code="b">مطبعة جامعة دمشق،</subfield>
    <subfield code="c">[1962]</subfield>
  </datafield>
  <datafield ind1="1" ind2=" " tag="880">
    <subfield code="6">700-04/r</subfield>
    <subfield code="a">سباعي، مصطفى،</subfield>
    <subfield code="d">1915-1964.</subfield>
  </datafield>
  <datafield ind1=" " ind2=" " tag="911">
    <subfield code="a">20000130</subfield>
  </datafield>
  <datafield ind1=" " ind2=" " tag="912">
    <subfield code="a">20000211052951.0</subfield>
  </datafield>
  <datafield ind1=" " ind2=" " tag="994">
    <subfield code="a">C0</subfield>
    <subfield code="b">PUL</subfield>
  </datafield>
  <datafield ind1=" " ind2=" " tag="999">
    <subfield code="a">2755520</subfield>
  </datafield>
  <datafield ind1="0" ind2="1" tag="852">
    <subfield code="0">3066267</subfield>
    <subfield code="b">nec</subfield>
    <subfield code="t">1</subfield>
    <subfield code="h">KBP558.32</subfield>
    <subfield code="i">.S238 1962</subfield>
  </datafield>
  <datafield ind1=" " ind2="0" tag="866">
    <subfield code="0">3066267</subfield>
    <subfield code="8">0</subfield>
    <subfield code="a">v.1-2</subfield>
  </datafield>
  <datafield ind1=" " ind2=" " tag="959">
    <subfield code="a">2009-07-07 11:59:41 -0400</subfield>
  </datafield>
</record>
